<mx:record xmlns="http://www.w3.org/TR/xhtml1/strict" xmlns:mx="http://www.loc.gov/MARC21/slim" xmlns:xsi="http://www.w3.org/2001/XMLSchema-instance"><mx:leader>00000nz   2200000n  0000</mx:leader><mx:controlfield tag="001">oca03852915 </mx:controlfield><mx:controlfield tag="005">19950608053300.2</mx:controlfield><mx:controlfield tag="008">950426n| acannaab|          |a aaa     c</mx:controlfield><mx:datafield ind1=" " ind2=" " tag="010"><mx:subfield code="a">nr 95015551</mx:subfield></mx:datafield><mx:datafield ind1=" " ind2=" " tag="040"><mx:subfield code="a">NNC</mx:subfield><mx:subfield code="c">NNC</mx:subfield></mx:datafield><mx:datafield ind1="1" ind2=" " tag="100"><mx:subfield code="a">Macer, C. Licinius</mx:subfield><mx:subfield code="q">(Caius Licinius)</mx:subfield></mx:datafield><mx:datafield ind1="1" ind2=" " tag="400"><mx:subfield code="a">Macer, Gaius Licinius</mx:subfield></mx:datafield><mx:datafield ind1="1" ind2=" " tag="400"><mx:subfield code="a">Macer, Caius Licinius</mx:subfield></mx:datafield><mx:datafield ind1=" " ind2=" " tag="670"><mx:subfield code="a">The works of C. Licinius Macer [CF] 1991:</mx:subfield><mx:subfield code="b">PHI CD ROM #5.3, Latin cano   n, bibliographic screen (C. Licinius Macer)</mx:subfield></mx:datafield><mx:datafield ind1=" " ind2=" " tag="670"><mx:subfield code="a">Oxford class. dict., 2nd ed.:</mx:subfield><mx:subfield code="b">p. 634 (Macer, Gaius Licinius; Roman annalist; tribune in 73 B.C.)</mx:subfield></mx:datafield><mx:datafield ind1=" " ind2=" " tag="670"><mx:subfield code="a">NUC pre-56:</mx:subfield><mx:subfield code="b">v. 350, p. 465 (Macer, Caius Licinius)</mx:subfield></mx:datafield></mx:record>